@article{sheeran:perfect_match,
  author = "Mary Sheeran",
  title = "Hardware Design and Functional Programming: a Perfect Match.",
  journal = "Journal on Universal Computer Science",
  volume = "11",
  number = "7",
  pages = "1135--1158",
  year = "2005"
}

@article{Eilenberg:natural_equivalences,
  author = {Samuel Eilenberg and Saunders MacLane},
  title = {General Theory of Natural Equivalences},
  journal = {{Transactions of the American Mathematical Society}},
  year = {1945},
  volume = {58},
  number = {2},
  pages = {231-294},
  month = {September},
}

@book{Pierce:basic_category_theory, 
    title={Basic Category Theory for Computer Scientists},
    publisher={{The MIT Press}}, 
    year={1991}, 
    pages={0}
}   







    
@book{kesel,
  author	= "F. Kesel and R. Bartholom{\"a}",
  title		= "Entwurf von digitalen Schaltungen und Systemen mit HDLs und FPGAs",
  publisher	= "Oldenbourg",
  year		= 2006
}

@book{henriquez,
  author	= "Francisco Rodr\'{i}guez-Henr\'{i}quez and N.A. Saqib and Arturo D\'{i}az Perez and \c{C}etin Kaya Ko\c{c}",
  title		= "Cryptographic Algorithms on Reconfigurable Hardware",
  year		= 2006,
  publisher	= "Springer",
  address	= "New York" 
}

@article{claessen:hardware,
  author	= "Per Bjesse and Koen Claessen and Mary Sheeran and Satnam Singh",
  title		= "Lava: Hardware Design in Haskell",
  journal	= "ACM Press",
  year		= 1998
}

@manual{claessen:tutorial,
  author	= "Koen Claessen and Mary Sheeran",
  title		= "A Tutorial on Lava",
  organization	= "Chalmers University of Technology",
}

@misc{singh,
  author	= "Satnam Singh",
  title		= "The Lava Hardware Description Language",
  howpublished	= "http://raintown.org/lava/" 
}

@article{thielemann,
  author	= "Henning Thielemann",
  title		= "Audio Processing using Haskell",
  journal	= "DAFx Proceedings",
  year		= 2004
}

@techreport{md6spec,
  author = "Ronald L. Rivest",
  title = "The {{MD6}} hash function A proposal to {{NIST}} for {{SHA-3}}",
  institution = "Massachusetts Institute of Technology Cambridge",
  year = "February 20, 2009"}

@PHDTHESIS{forsyde:phd,
  author = {Ingo Sander},
  title = {System Modeling and Design Refinement in {ForSyDe}},
  school = {Royal Institute of Technology},
  year = {2003},
  key = {ForSyDe},
  address = {Stockholm, Sweden},
  month = {April},
  url = {http://web.it.kth.se/~ingo/Papers/Thesis_Sander_2003.pdf}
}

@ARTICLE{forsyde:ieee,
  author = {Ingo Sander and Axel Jantsch},
  title = {System Modeling and Transformational Design Refinement in {ForSyDe}},
  journal = {{IEEE Transactions on Computer-Aided Design of Integrated Circuits and Systems}},
  year = {2004},
  key = {ForSyDe},
  volume = {23},
  number = {1},
  pages = {17--32},
  month = {January},
  opturl = {http://www.imit.kth.se/~ingo/Papers/TCAD2004_SystemModeling.pdf}
}

@article{hml,
  author = {Y. Li and M. Lesser},
  title = {{HML}, a novel hardware description language and its translation to {VHDL}},
  journal = {{IEEE} Transactions on {VLSI}},
  volume = {8},
  number = {1},
  pages = {1--8},
  month = {February},
  year = {2000}
}

@article{reflect,
  author = {Jim Grundy and Tom Melham and John O'Leary},
  title = {A reflective functional language for hardware design and theorem proving},
  journal = {Journal on Functional Programming},
  year = {2006},
  volume = {16},
  number = {2},
  pages = {157--196}
}

@inproceedings{haskell:template,
  author = {Tim Sheard and Simon Peyton Jones},
  title = {Template meta-programming for Haskell},
  booktitle = {Proceedings of the Haskell Workshop},
  address = {Pittsburgh},
  year = {2002}
} 

@inproceedings{hydra:old,
  author = {John O'Donnell},
  title = {Hardware description with recursion equations},
  booktitle = {Proceedings of the IFIP 8th International Symposium on Computer Hardware Description Languages and their Applications}, 
  address = {North-Holland}, 
  pages = {363--382},
  month = {April},
  year = {1987}
}

@book{sharp,
  author = "Richard Sharp",
  title = "Higher-Level Hardware Synthesis",
  publisher = "Springer Verlag",
  series = "Lecture Notes in Computer Science",
  year = "2004"
}


@techreport{sharp:flash,
  author = "Alan Mycroft and Richard Sharp",
  title = "The {{FLaSH}} compiler: Efficient Ciruits from Functional Specifications",
  institution = "University of Cambridge, Computing Laboratory",
  year = "2000"}

@inproceedings{sharp:codesign,
  author = "Alan Mycroft and Richard Sharp",
  title = "Hardware/Software Co-Design Using Functional Languages",
  booktitle  = "Tools and Algorithms for the Construction and Analysis of Systems, 7th International Conference",
  year = "2001",
  pages = "236--251"}



@mastersthesis{claessen:thesis,
  author	= "Koen Claessen",
  title		= "An Embedded Language Approach to Hardware Description and Verification",
  school	= "G{\"o}teborg University",
  year		= "2000"
}

@article{sheeran:muFP,
 author = "Mary Sheeran",
 title = "$\mu${{FP}}: A Language for {{VLSI}} Design.",
 journal = "{{LISP}} and Functional Programming",
 year = "1984",
 pages = "104--112"
}

@article{hughes:why,
  author	= "John Hughes",
  title		= "Why Functional Programming Matters",
  journal	= "Computer Journal",
  volume	= "32",
  number	= "2",
  pages		= "98--107",
  year		= "1989"
}

@manual{eisenberg:fir-filter,
  author	= "Gunnar Eisenberg",
  title		= "Implementierung von FIR-Filtern",
  organization	= "Technische Universität Berlin",
  year		= "2000"
}

@manual{donnell,
  author	= "John T. O'Donnell",
  title		= "The Hydra Computer Hardware Description Language",
  organization	= "University of Glasgow",
  year		= "2003"
}

@book{systemc,
  author 	= "Thorsten Groetker and Stan Liao and Grant Martin and Stuart Swan",
  title 	= "System Design with SystemC",
  year 		= "2002",
  publisher 	= "Kluwer Academic Publishers"
}
@book{systemc2,
  author 	= "Frank Ghenassia",
  title 	= "Transaction-Level Modeling with SystemC. TLM Concepts and Applications for Embedded Systems",
  year 		= "2006",
  publisher 	= "Springer Verlag"
}
@manual{myhdl,
  author 	= "Jan Decaluwe",
  title 	= "The MyHDL manual",
  year 		= "2006",
  note		= "http://myhdl.jandecaluwe.com/doku.php" 
}

@manual{cryptol:fpga,
  title = "From Cryptol to FPGA",
  organization = "Galois, Inc.",
  month = "October",
  year = "2008",
  address = "Portland, Oregon",
  note = "{{\tt http://www.galois.com/files/ \\ Cryptol/Cryptol\_Tutorial.pdf}}"
}

@manual{cryptol:programming,
  title = "Cryptol Programming Guide",
  organization = "Galois, Inc.",
  month = "October",
  year = "2008",
  address = "Portland, Oregon",
  note = "{{\tt http://www.galois.com/files/ \\ Cryptol/Cryptol\_Programming\_Guide.pdf}}" 
}

@inproceedings{singh04,
  author = "Satnam Singh",
  title = "Designing Reconfigurable Systems in Lava",
  booktitle = "17th International Conference on VLSI Design",
  publisher = "IEEE Computer Society",
  year = "2004",
  month = "January",
  address = "Mumbai, India"
}

@inproceedings{singh03,
  author = "System Level Specification in Lava",
  booktitle = "Date Conference",
  publisher = "IEEE Computer Society",
  year = "2003",
  address = "Munich, Germany"
}

@inproceedings{axelsson06,
  author = "Emil Axelsson and Koen Classen and Mary Sheeran",
  title = "Using Lava and Wired for Design Exploration",
  booktitle = "Designing Correct Circuits Workshop; A Satellite Event of ETAPS 2006",
  year = "2006",
  address = "Wien",
  month = "Maerz"
}

@inproceedings{Heunen06arrows,
    author = {Chris Heunen and Bart Jacobs}, 
    title = {Arrows, like monads, are monoids},
    booktitle = {Proc. of 22nd Ann. Conf. on Mathematical Foundations of Programming Semantics, MFPS XXII, v. 158 of Electron. Notes in Theoret. Comput. Sci}, 
    year = {2006},
    pages = {219--236},
    publisher = {Elsevier}
}

@article{Hughes98generalisingmonads,
    author = {John Hughes},    
    title = {Generalising Monads to Arrows},
    journal = {Science of Computer Programming},
    year = {1998},
    volume = {37},
    pages = {67--111}
}

@incollection{PatersonRA,      
    title = "Arrows and Computation",
    author = "Ross Paterson",  
    booktitle = "The Fun of Programming",
    editor = "Jeremy Gibbons and Oege de Moor",
    url = "http://www.soi.city.ac.uk/~ross/papers/fop.html",
    publisher = "Palgrave",    
    pages = "201-222",         
    year = 2003                
}

@inproceedings{PatersonNewNotation,
    author    = {Ross Paterson},
    title     = {A New Notation for Arrows},
    booktitle = {ICFP},
    year      = {2001},
    pages     = {229-240},
}

@inproceedings{Claessen:sharing,
    author = {Claessen, Koen and Sands, David},
    title = {Observable Sharing for Functional Circuit Description},
    booktitle = {Proceedings of the 5th Asian Computing Science Conference on Advances in Computing Science},
    series = {ASIAN '99},
    year = {1999},
    isbn = {3-540-66856-X},
    pages = {62--73},
    numpages = {12},
    publisher = {Springer-Verlag},
    address = {London, UK},
}

@book{Pierce:basic_category_theory, 
    title={Basic Category Theory for Computer Scientists},
    publisher={{The MIT Press}}, 
    year={1991}, 
    pages={0}
}   
    
@inproceedings{Hasegawa,
    author = {Hasegawa, Masahito},
    title = {Decomposing Typed Lambda Calculus into a Couple of Categorical Programming Languages},
    booktitle = {Proceedings of the 6th International Conference on Category Theory and Computer Science},
    series = {CTCS '95},
    year = {1995}, 
    isbn = {3-540-60164-3},
    pages = {200--219},
    numpages = {20},
    url = {http://portal.acm.org/citation.cfm?id=648334.755721},
    acmid = {755721},
    publisher = {Springer-Verlag},
    address = {London, UK},
}

@incollection{mmf92b,
    author = "Fokkinga, M.M.",
    booktitle = "Lecture Notes of the {STOP} 1992 {S}ummerschool on {C}onstructive {A}lgorithmics",
    month = sep,
    pages = "1--72 of Part 1",
    publisher = "University of Utrecht",
    title = "A Gentle Introduction to Category Theory --- the calculational approach",
    year = "1992"
}

@mastersthesis{Ohlendorf:hxt,
    author  = "Manuel Ohlendorf",
    title   = "A Cookbook for the Haskell XML Toolbox with Examples for Processing RDF Documents",
    school  = "University of applied sciences wedel",
    year    = 2007
}

@mastersthesis{Schmidt:hxt,
    author  = "Martin Schmidt",
    title   = "Design and Implementation of a validating XML parser in Haskell",
    school  = "University of applied sciences wedel",
    year    = 2002
}

@inproceedings{atkey,
    author = "Robert Atkey",
    title = "What is a categorical Model of Arrows?",
    url = "http://personal.cis.strath.ac.uk/~raa/arrows.pdf",
    booktitle = "MSFP2008",
    publisher = "ACM",
    year = 2008
}

@techreport{Dumas,
    author       = "Dumas, Jean-Guillaume and Duval, Dominique and Reynaud, Jean-Claude",
    title        = "Cartesian effect categories are Freyd-categories",
    number       = "arXiv:0903.3311",
    month        = "Mar",
    year         = "2009",
    note         = "Comments: 24 pages",
}

@ARTICLE{Bylinski92,
    author = {Czeslaw Bylinski},
    title = {Cartesian categories},
    journal = {Journal of Formalized Mathematics},
    year = {1992},
    volume = {4}
}

@inproceedings{power:freyd,
    author = "John Power and Hayo Thielecke",
    title = "Closed {Freyd}- and kappa-categories",
    url = "http://www.cs.bham.ac.uk/~hxt/research/freydkappa.ps",
    booktitle = "ICALP",
    publisher = "Springer",
    series = "LNCS",
    volume = 1644,
    year = 1999
}   

@article{power:premonoidal,
    title = "Premonoidal Categories and Notions of Computation",
    author = "John Power and Edmund Robinson",
    url = "ftp://ftp.dcs.qmw.ac.uk/pub/lfp/edmundr/premoncat.dvi.gz",
    journal = "Mathematical Structures in Computer Science",
    volume = 7,
    number = 5,
    pages = "453-468",
    month = Oct,
    year = 1997
}

@article{Power:2006,
    author = {Power, John},
    title = {Generic models for computational effects},
    journal = {Theor. Comput. Sci.},
    volume = {364},
    issue = {2},
    month = {November},
    year = {2006},
    issn = {0304-3975},
    pages = {254--269},
    numpages = {16},
    url = {http://portal.acm.org/citation.cfm?id=1226593.1226600},
    publisher = {Elsevier Science Publishers Ltd.},
}   
